%% LaTeX2e file `embedded.bib'
%% generated by the `filecontents' environment
%% from source `iaria-lite-example-ctan' on 2025/04/01.
%%
@online{ieee2015howto,
    author = {Michael Shell},
    title = {How to Use the {IEEEtran} \LaTeX\ Class},
    url = {http://mirrors.ctan.org/macros/latex/contrib/IEEEtran/IEEEtran_HOWTO.pdf},
    year = {2015},
    urldate = {2025-03-10}
}
@online{ieee2018formattingrules,
    author = {{IEEE}},
    title = {Conference Template and Formatting Specifications},
    url = {https://www.ieee.org/content/dam/ieee-org/ieee/web/org/conferences/Conference-template-A4.doc},
    year = {2018},
    urldate={2025-03-10}
}
@online{iaria2014formattingrules,
    author = {{IARIA}},
    title = {Formatting Rules},
    url = {http://www.iaria.org/formatting.doc},
    year = {2014},
    urldate={2025-03-10}
}
@online{iaria2009editorialrules,
    _author = {Cosmin Dini},
    author = {{IARIA}},
    title = {Editorial Rules},
    url = {https://www.iaria.org/editorialrules.html},
    year = {2009},
    urldate={2025-03-10}
}
@online{languagetool,
    author = {{LanguageTooler GmbH}},
    title  = {{LangueTool}},
    url    = {https://languagetool.org/overleaf},
    urldate={2025-03-10}
}
@online{overleaf,
    author = {{Digital Science UK Limited}},
    title  = {{Overleaf}},
    url    = {https://www.overleaf.com},
    urldate={2025-03-10}
}
